@article{Bail2024PNAS,
  author  = {Bail, Christopher A.},
  title   = {Can Generative AI Improve Social Science?},
  journal = {Proceedings of the National Academy of Sciences},
  year    = {2024},
  volume  = {121},
  number  = {21},
  pages   = {e2314021121},
  doi     = {10.1073/pnas.2314021121},
  url     = {https://www.pnas.org/doi/10.1073/pnas.2314021121}
}

@article{Ziems2024CL,
  author    = {Ziems, Caleb and Held, William and Shaikh, Omar and Chen, Jiaao and Zhang, Zhehao and Yang, Diyi},
  title     = {Can Large Language Models Transform Computational Social Science?},
  journal   = {Computational Linguistics},
  year      = {2024},
  volume    = {50},
  number    = {1},
  pages     = {237--291},
  publisher = {MIT Press},
  doi       = {10.1162/coli_a_00502},
  url       = {https://aclanthology.org/2024.cl-1.8/}
}

@article{Abdurahman2025AMPPS,
  author  = {Abdurahman, Suhaib and Ziabari, Alireza S. and Moore, Alexander K. and Bartels, Daniel M. and Dehghani, Morteza},
  title   = {A Primer for Evaluating Large Language Models in Social-Science Research},
  journal = {Advances in Methods and Practices in Psychological Science},
  year    = {2025},
  volume  = {8},
  number  = {2},
  doi     = {10.1177/25152459251325174},
  url     = {https://journals.sagepub.com/doi/10.1177/25152459251325174}
}

@article{DavidsonKarell2025SMR,
  author  = {Davidson, Thomas and Karell, Daniel},
  title   = {Integrating Generative Artificial Intelligence into Social Science Research: Measurement, Prompting, and Simulation},
  journal = {Sociological Methods \& Research},
  year    = {2025},
  doi     = {10.1177/00491241251339184},
  url     = {https://journals.sagepub.com/doi/10.1177/00491241251339184}
}

@misc{Karpathy2023YouTube,
  author       = {Karpathy, Andrej},
  title        = {Let’s build GPT: from scratch, in code, spelled out},
  year         = {2023},
  howpublished = {\url{https://www.youtube.com/watch?v=kCc8FmEb1nY}},
  note         = {YouTube video},
  urldate      = {2025-08-04}
}

@misc{Karpathy2025DeepDive,
  author       = {Karpathy, Andrej},
  title        = {Deep Dive into LLMs like ChatGPT},
  year         = {2025},
  howpublished = {\url{https://www.youtube.com/watch?v=7xTGNNLPyMI}},
  note         = {YouTube video},
  urldate      = {2025-08-04}
}

@misc{NYTimes2023GPT,
  author       = {The New York Times Upshot},
  title        = {GPT From Scratch: Building a Large Language Model from the Ground Up},
  year         = {2023},
  howpublished = {\url{https://www.nytimes.com/interactive/2023/04/26/upshot/gpt-from-scratch.html}},
  note         = {Interactive article},
  urldate      = {2025-08-04}
}


@article{Kozlowski2019ASR,
  author  = {Kozlowski, Austin C. and Taddy, Matt and Evans, James A.},
  title   = {The Geometry of Culture: Analyzing the Meanings of Class through Word Embeddings},
  journal = {American Sociological Review},
  year    = {2019},
  volume  = {84},
  number  = {5},
  pages   = {905--949},
  doi     = {10.1177/0003122419877135},
  url     = {https://doi.org/10.1177/0003122419877135}
}

@article{StoltzTaylor2021Poetics,
  author    = {Stoltz, Dustin S. and Taylor, Marshall A.},
  title     = {Cultural Cartography with Word Embeddings},
  journal   = {Poetics},
  year      = {2021},
  pages     = {101567},
  doi       = {10.1016/j.poetic.2021.101567},
  url       = {https://doi.org/10.1016/j.poetic.2021.101567}
}

@article{RodriguezSpirling2022PoJ,
  author  = {Rodr{\'\i}guez, Pedro L. and Spirling, Arthur},
  title   = {Word Embeddings: What Works, What Doesn’t, and How to Tell the Difference for Applied Research},
  journal = {Journal of Politics},
  year    = {2022},
  volume  = {84},
  number  = {1},
  pages   = {101--115},
  doi     = {10.1086/715162},
  url     = {https://doi.org/10.1086/715162}
}

@misc{Hassani2024Primer,
  author       = {Hassani, Hesam Sheikh},
  title        = {Primer for LLM Embeddings},
  year         = {2024},
  howpublished = {\url{https://huggingface.co/spaces/hesamation/primer-llm-embedding?section=bert_(bidirectional_encoder_representations_from_transformers)}},
  note         = {Hugging Face Space},
  urldate      = {2025-08-04}
}

@misc{HuggingFace2024Chapter,
  author       = {{Hugging Face}},
  title        = {Chapter 1.4: The Transformer Architecture},
  year         = {2024},
  howpublished = {\url{https://huggingface.co/learn/llm-course/en/chapter1/4}},
  note         = {Online tutorial},
  urldate      = {2025-08-04}
}

@article{BonikowskiLuoStuhler2022SMR,
  author  = {Bonikowski, Bart and Luo, Yuchen and Stuhler, Oscar},
  title   = {Politics as Usual? Measuring Populism, Nationalism, and Authoritarianism in U.S. Presidential Campaigns (1952--2020) with Neural Language Models},
  journal = {Sociological Methods \& Research},
  year    = {2022},
  volume  = {51},
  number  = {4},
  pages   = {1721--1787},
  doi     = {10.1177/00491241221122317},
  url     = {https://doi.org/10.1177/00491241221122317}
}

@article{Wankmueller2024SMR,
  author  = {Wankm{\"u}ller, Sandra},
  title   = {Introduction to Neural Transfer Learning With Transformers for Social Science Text Analysis},
  journal = {Sociological Methods \& Research},
  year    = {2024},
  volume  = {53},
  number  = {4},
  pages   = {1676--1752},
  doi     = {10.1177/00491241221134527},
  url     = {https://doi.org/10.1177/00491241221134527}
}

@article{LeMens2023SSci,
  author  = {Le Mens, Ga{\"e}l and Kov{\'a}cs, Bal{\'a}zs and Hannan, Michael T. and Pros, Guillem},
  title   = {Using Machine Learning to Uncover the Semantics of Concepts: How Well Do Typicality Measures Extracted from a BERT Text Classifier Match Human Judgments of Genre Typicality?},
  journal = {Sociological Science},
  volume  = {10},
  number  = {3},
  pages   = {82--117},
  year    = {2023},
  doi     = {10.15195/v10.a3},
  url     = {https://doi.org/10.15195/v10.a3}
}

@article{Tornberg2024SSCR,
  author  = {T{\"o}rnberg, Petter},
  title   = {Large Language Models Outperform Expert Coders and Supervised Classifiers at Annotating Political Social Media Messages},
  journal = {Social Science Computer Review},
  year    = {2024},
  doi     = {10.1177/08944393241286471},
  url     = {https://doi.org/10.1177/08944393241286471}
}

@article{Wang2023PA,
  author  = {Wang, Yu},
  title   = {Topic Classification for Political Texts with Pretrained Language Models},
  journal = {Political Analysis},
  volume  = {31},
  number  = {4},
  pages   = {662--668},
  year    = {2023},
  doi     = {10.1017/pan.2023.3},
  url     = {https://doi.org/10.1017/pan.2023.3}
}

@inproceedings{Brown2020FewShot,
  author    = {Brown, Tom B. and Mann, Benjamin and Ryder, Nick and Subbiah, Melanie and Kaplan, Jared and Dhariwal, Prafulla and Neelakantan, Arvind and Shyam, Pranav and Sastry, Girish and Askell, Amanda and Herbert‐Voss, Ariel and Krueger, Gretchen and Henighan, Tom and Child, Rewon and Ramesh, Aditya and Ziegler, Daniel M. and Wu, Jeffrey and Winter, Clemens and Hesse, Christopher and Chen, Mark and Sigler, Eric and Litwin, Mateusz and Gray, Scott and Chess, Benjamin and Clark, Jack and McCandlish, Sam and Radford, Alec and Sutskever, Ilya and Amodei, Dario},
  title     = {Language Models are Few‐Shot Learners},
  booktitle = {Advances in Neural Information Processing Systems},
  volume    = {33},
  pages     = {1877--1901},
  year      = {2020},
  url       = {https://proceedings.neurips.cc/paper/2020/file/1457c0d6bfcb4967418bfb8ac142f64a-Paper.pdf}
}

@article{Than2025QualCoding,
  author  = {Than, Nga and Fan, Leanne and Law, Tina and Nelson, Laura K. and McCall, Leslie},
  title   = {Updating ``The Future of Coding'': Qualitative Coding with Generative Large Language Models},
  journal = {Sociological Methods \& Research},
  year    = {2025},
  volume  = {54},
  number  = {3},
  pages   = {849--888},
  doi     = {10.1177/00491241251339188},
  url     = {https://doi.org/10.1177/00491241251339188}
}

@article{DePaoli2024SSCR,
  author  = {De Paoli, Stefano},
  title   = {Performing an Inductive Thematic Analysis of Semi-Structured Interviews with a Large Language Model: An Exploration and Provocation on the Limits of the Approach},
  journal = {Social Science Computer Review},
  year    = {2024},
  volume  = {42},
  number  = {4},
  pages   = {997--1019},
  doi     = {10.1177/08944393231220483},
  url     = {https://doi.org/10.1177/08944393231220483}
}

@misc{Weber2024Primer,
  author       = {Weber, Maximilian and Reichardt, Merle},
  title        = {Prompting Generative Large Language Models for Annotation Tasks in the Social Sciences: A Primer Using Open Models},
  year         = {2024},
  howpublished = {Preprint, \url{https://arxiv.org/pdf/2401.00284}},
  note         = {Preprint},
  urldate      = {2025-08-04}
}

@article{Atreja2024Prompt,
  author  = {Atreja, Shubham and Ashkinaze, Joshua and Li, Lingyao and Mendelsohn, Julia and Hemphill, Libby},
  title   = {Prompt Design Matters for Computational Social Science Tasks but in Unpredictable Ways},
  journal = {arXiv preprint arXiv:2406.11980},
  year    = {2024},
  url     = {https://arxiv.org/abs/2406.11980},
  urldate = {2025-08-04}
}

@misc{Egami2024DSL,
  author       = {Egami, Naoki and Hinck, Musashi and Stewart, Brandon M. and Wei, Hanying},
  title        = {Using Large Language Model Annotations for the Social Sciences: A General Framework of Using Predicted Variables in Downstream Analyses},
  year         = {2024},
  howpublished = {Preprint, \url{https://naokiegami.com/paper/dsl_ss.pdf}},
  note         = {Preprint},
  urldate      = {2025-08-04}
}

@article{Li2025Survey,
  author  = {Li, Linzhuo},
  title   = {Old Experience Helps: Leveraging Survey Methodology to Improve AI Text Annotation Reliability in Social Sciences},
  journal = {arXiv preprint arXiv:2502.19679},
  year    = {2025},
  url     = {https://arxiv.org/abs/2502.19679},
  urldate = {2025-08-04}
}

@article{Heseltine2024,
  author  = {Heseltine, Michael and Clemm von Hohenberg, Bernhard},
  title   = {Large Language Models as a Substitute for Human Experts in Annotating Political Text},
  journal = {Research \& Politics},
  year    = {2024},
  volume  = {11},
  number  = {1},
  doi     = {10.1177/20531680241236239},
  url     = {https://doi.org/10.1177/20531680241236239}
}

@article{LeMensGallego2025,
  author  = {Le Mens, Gaël and Gallego, Aina},
  title   = {Positioning Political Texts with Large Language Models by Asking and Averaging},
  journal = {Political Analysis},
  year    = {2025},
  volume  = {33},
  number  = {3},
  pages   = {274--282},
  doi     = {10.1017/pan.2024.29},
  url     = {https://doi.org/10.1017/pan.2024.29}
}

@article{Alizadeh2025JCSS,
  author  = {Alizadeh, Meysam and Kubli, Maël and Samei, Zeynab and Dehghani, Shirin and Zahedivafa, Mohammadmasiha and Bermeo, Juan D. and Korobeynikova, Maria and Gilardi, Fabrizio},
  title   = {Open-source LLMs for Text Annotation: A Practical Guide for Model Setting and Fine‐Tuning},
  journal = {Journal of Computational Social Science},
  year    = {2025},
  volume  = {8},
  number  = {1},
  pages   = {1--25},
  doi     = {10.1007/s42001-024-00345-9},
  url     = {https://doi.org/10.1007/s42001-024-00345-9}
}

@misc{AIPathways2025Prompt,
  author       = {AIPathways},
  title        = {Prompt Engineering and Validation Techniques for Large Language Models},
  year         = {2025},
  howpublished = {\url{https://www.youtube.com/watch?v=DsdqGHsoM2I&ab_channel=AIPathways}},
  note         = {YouTube video},
  urldate      = {2025-08-04}
}

@article{Argyle2023PA,
  author  = {Argyle, Lisa P. and Busby, Ethan C. and Fulda, Nancy and Gubler, Joshua R. and Rytting, Christopher and Wingate, David},
  title   = {Out of One, Many: Using Language Models to Simulate Human Samples},
  journal = {Political Analysis},
  year    = {2023},
  volume  = {31},
  number  = {3},
  pages   = {337--351},
  doi     = {10.1017/pan.2023.2},
  url     = {https://doi.org/10.1017/pan.2023.2}
}

@article{Boelaert2025SMR,
  author  = {Boelaert, Julien and Coavoux, Samuel and Ollion, Étienne and Petev, Ivaylo and Pr{\"a}g, Patrick},
  title   = {Machine Bias: How Do Generative Language Models Answer Opinion Polls?},
  journal = {Sociological Methods \& Research},
  year    = {2025},
  doi     = {10.1177/00491241251330582},
  url     = {https://doi.org/10.1177/00491241251330582}
}

@article{Bisbee2024PA,
  author  = {Bisbee, James and Clinton, Joshua D. and Dorff, Cassy and Kenkel, Brenton and Larson, Jennifer M.},
  title   = {Synthetic Replacements for Human Survey Data? The Perils of Large Language Models},
  journal = {Political Analysis},
  year    = {2024},
  volume  = {32},
  number  = {4},
  pages   = {1--16},
  doi     = {10.1017/pan.2024.5},
  url     = {https://doi.org/10.1017/pan.2024.5}
}

@article{WangMorgensternDickerson2025NMI,
  author  = {Wang, Angelina and Morgenstern, Jamie and Dickerson, John P.},
  title   = {Large language models that replace human participants can harmfully misportray and flatten identity groups},
  journal = {Nature Machine Intelligence},
  volume  = {7},
  pages   = {400--411},
  year    = {2025},
  doi     = {10.1038/s42256-025-00986-z},
  url     = {https://doi.org/10.1038/s42256-025-00986-z}
}

@inproceedings{santurkar2023whose,
  title={Whose opinions do language models reflect?},
  author={Santurkar, Shibani and Durmus, Esin and Ladhak, Faisal and Lee, Cinoo and Liang, Percy and Hashimoto, Tatsunori},
  booktitle={International Conference on Machine Learning},
  pages={29971--30004},
  year={2023},
  organization={PMLR}
}

@article{KozlowskiEvans2025Sim,
  author  = {Kozlowski, Austin C. and Evans, James A.},
  title   = {Simulating Subjects: The Promise and Peril of Artificial Intelligence Stand-Ins for Social Agents and Interactions},
  journal = {Sociological Methods \& Research},
  year    = {2025},
  volume  = {54},
  number  = {3},
  pages   = {1017--1073},
  doi     = {10.1177/00491241251337316},
  url     = {https://doi.org/10.1177/00491241251337316}
}

@article{Velez2025APSR,
  author  = {Velez, Yamil Ricardo and Liu, Patrick},
  title   = {Confronting Core Issues: A Critical Assessment of Attitude Polarization Using Tailored Experiments},
  journal = {American Political Science Review},
  year    = {2025},
  volume  = {119},
  number  = {2},
  pages   = {1036--1053},
  doi     = {10.1017/S0003055424000819},
  url     = {https://doi.org/10.1017/S0003055424000819}
}

@article{Argyle2025PNAS,
  author  = {Argyle, Lisa P. and Busby, Ethan C. and Gubler, Joshua R. and Lyman, Alex and Olcott, Justin and Pond, Jackson and Wingate, David},
  title   = {Testing theories of political persuasion using AI},
  journal = {Proceedings of the National Academy of Sciences},
  year    = {2025},
  volume  = {122},
  number  = {18},
  pages   = {e2412815122},
  doi     = {10.1073/pnas.2412815122},
  url     = {https://doi.org/10.1073/pnas.2412815122}
}

@article{Hackenburg2024PNAS,
  author  = {Hackenburg, Kobi and Margetts, Helen},
  title   = {Evaluating the persuasive influence of political microtargeting with large language models},
  journal = {Proceedings of the National Academy of Sciences},
  year    = {2024},
  volume  = {121},
  number  = {24},
  pages   = {e2403116121},
  doi     = {10.1073/pnas.2403116121},
  url     = {https://doi.org/10.1073/pnas.2403116121}
}

@article{Costello2024Science,
  author  = {Costello, Thomas H. and Pennycook, Gordon and Rand, David G.},
  title   = {Durably reducing conspiracy beliefs through dialogues with AI},
  journal = {Science},
  year    = {2024},
  volume  = {385},
  number  = {6714},
  pages   = {eadq1814},
  doi     = {10.1126/science.adq1814},
  url     = {https://doi.org/10.1126/science.adq1814}
}

@misc{Tornberg2023SimSM,
  author       = {T{\"o}rnberg, Petter and Valeeva, Diliara and Uitermark, Justus and Bail, Christopher A.},
  title        = {Simulating Social Media Using Large Language Models to Evaluate Alternative News Feed Algorithms},
  year         = {2023},
  howpublished = {Preprint, \url{https://arxiv.org/abs/2310.05984}},
  note         = {arXiv preprint},
  url          = {https://arxiv.org/abs/2310.05984}
}

@misc{Park2024GenAgents1000,
  author       = {Park, Joon Sung and Zou, Carolyn Q. and Shaw, Aaron and Hill, Benjamin Mako and Cai, Carrie and Morris, Meredith Ringel and Willer, Robb and Liang, Percy and Bernstein, Michael S.},
  title        = {Generative Agent Simulations of 1,000 People},
  year         = {2024},
  howpublished = {Preprint, \url{https://arxiv.org/abs/2411.10109}},
  note         = {arXiv preprint},
  url          = {https://arxiv.org/abs/2411.10109}
}

@article{Gao2025Surrogates,
  author  = {Gao, Yuan and Lee, Dokyun and Burtch, Gordon and Fazelpour, Sina},
  title   = {Take Caution in Using LLMs as Human Surrogates},
  journal = {Proceedings of the National Academy of Sciences},
  year    = {2025},
  volume  = {122},
  number  = {24},
  pages   = {e2501660122},
  doi     = {10.1073/pnas.2501660122},
  url     = {https://doi.org/10.1073/pnas.2501660122}
}

@article{Cheung2025CognitiveBias,
  author  = {Cheung, Vanessa and Maier, Maximilian and Lieder, Falk},
  title   = {Large Language Models Show Amplified Cognitive Biases in Moral Decision‐Making},
  journal = {Proceedings of the National Academy of Sciences},
  year    = {2025},
  volume  = {122},
  number  = {25},
  pages   = {e2412015122},
  doi     = {10.1073/pnas.2412015122},
  url     = {https://doi.org/10.1073/pnas.2412015122}
}

@misc{Kozlowski2024InSilico,
  author       = {Kozlowski, Austin C. and Kwon, Hyunku and Evans, James A.},
  title        = {In Silico Sociology: Forecasting COVID‐19 Polarization with Large Language Models},
  year         = {2024},
  howpublished = {Preprint, \url{https://arxiv.org/abs/2407.11190}},
  note         = {arXiv preprint},
  url          = {https://arxiv.org/abs/2407.11190}
}

@misc{Hewitt2024Predicting,
  author       = {Hewitt, Luke and Ashokkumar, Ashwini and Ghezae, Isaias and Willer, Robb},
  title        = {Predicting Results of Social Science Experiments Using Large Language Models},
  year         = {2024},
  howpublished = {Preprint, \url{https://samim.io/dl/Predicting%20results%20of%20social%20science%20experiments%20using%20large%20language%20models.pdf}},
  note         = {August 8, 2024},
  urldate      = {2025-08-04}
}

@article{Binz2025Cognition,
  author  = {Binz, Marcel and Akata, Elif and Bethge, Matthias and et al.},
  title   = {A foundation model to predict and capture human cognition},
  journal = {Nature},
  year    = {2025},
  doi     = {10.1038/s41586-025-09215-4},
  url     = {https://doi.org/10.1038/s41586-025-09215-4}
}

@techreport{Horton2023HomoSilicus,
  author      = {Horton, John J.},
  title       = {Large Language Models as Simulated Economic Agents: What Can We Learn from Homo Silicus?},
  institution = {National Bureau of Economic Research},
  number      = {w31122},
  year        = {2023},
  doi         = {10.3386/w31122},
  url         = {https://doi.org/10.3386/w31122}
}

@techreport{Manning2024Automated,
  author      = {Manning, Benjamin S. and Zhu, Kehang and Horton, John J.},
  title       = {Automated Social Science: Language Models as Scientist and Subjects},
  institution = {National Bureau of Economic Research},
  number      = {w32381},
  year        = {2024},
  url         = {https://doi.org/10.3386/w32381}
}

@misc{Agrawal2025SeamlessInteraction,
  author       = {Agrawal, Vasu and Akinyemi, Akinniyi and Alvero, Kathryn and Behrooz, Morteza and Buffalini, Julia and Carlucci, Fabio Maria and Tomasello, Joy and Tran, Tuan and Turkatenko, Arina and Wan, Bo and Wang, Chao and Wang, Jeff and Williamson, Mary and Wood, Carleigh and Xiang, Tao and Yang, Yilin and Yao, Zhiyuan and Zhang, Chen and Zhang, Jiemin and Zhang, Xinyue and Zheng, Jason and Zhyzheria, Pavlo and Zikes, Jan and Zollhöfer, Michael},
  title        = {Seamless Interaction: Dyadic Audiovisual Motion Modeling and Large-Scale Dataset},
  year         = {2025},
  howpublished = {Preprint, \url{https://arxiv.org/abs/2506.22554}},
  note         = {arXiv preprint},
  urldate      = {2025-08-04}
}

@article{Reece2023CANDOR,
  author  = {Reece, Andrew and Cooney, Gus and Bull, Peter and Chung, Christine and Dawson, Bryn and Fitzpatrick, Casey and Glazer, Tamara and Knox, Dean and Liebscher, Alex and Marin, Sebastian},
  title   = {The CANDOR corpus: Insights from a large multimodal dataset of naturalistic conversation},
  journal = {Science Advances},
  year    = {2023},
  volume  = {9},
  number  = {13},
  pages   = {eadf3197},
  doi     = {10.1126/sciadv.adf3197},
  url     = {https://www.science.org/doi/10.1126/sciadv.adf3197}
}

@book{Goffman1959PSL,
  author    = {Goffman, Erving},
  title     = {The Presentation of Self in Everyday Life},
  publisher = {Doubleday},
  year      = {1959},
  address   = {Garden City, NY}
}

@book{Blumer1969SI,
  author    = {Blumer, Herbert},
  title     = {Symbolic Interactionism: Perspective and Method},
  publisher = {University of California Press},
  year      = {1969},
  address   = {Berkeley, CA}
}

@article{Caliskan2017Science,
  author  = {Caliskan, Aylin and Bryson, Joanna J. and Narayanan, Arvind},
  title   = {Semantics derived automatically from language corpora contain human-like biases},
  journal = {Science},
  year    = {2017},
  volume  = {356},
  number  = {6334},
  pages   = {183--186},
  doi     = {10.1126/science.aal4230},
  url     = {https://doi.org/10.1126/science.aal4230}
}

@inproceedings{Vaswani2017Attention,
  title     = {Attention Is All You Need},
  author    = {Vaswani, Ashish and Shazeer, Noam and Parmar, Niki and Uszkoreit, Jakob and Jones, Llion and Gomez, Aidan N. and Kaiser, {\L}ukasz and Polosukhin, Illia},
  booktitle = {Advances in Neural Information Processing Systems},
  volume    = {30},
  year      = {2017},
  url       = {https://proceedings.neurips.cc/paper/2017/hash/3f5ee243547dee91fbd053c1c4a845aa-Abstract.html}
}

@article{StuhlerTonOllion2025Promptbooks,
  author  = {Stuhler, Oscar and Ton, Charles D. and Ollion, {\'E}tienne},
  title   = {From Codebooks to Promptbooks: Extracting Information from Text with Generative Large Language Models},
  journal = {Sociological Methods \& Research},
  year    = {2025},
  volume  = {54},
  number  = {3},
  pages   = {794--848},
  doi     = {10.1177/00491241251336794},
  url     = {https://doi.org/10.1177/00491241251336794},
  note    = {Original work published 2025}
}

@article{MarancaChungHinckWolskyEgamiStewart2025,
  author  = {Maranca, Alessandra Rister Portinari and Chung, Jihoon and Hinck, Musashi and Wolsky, Adam D. and Egami, Naoki and Stewart, Brandon M.},
  title   = {Correcting the Measurement Errors of AI-Assisted Labeling in Image Analysis Using Design-Based Supervised Learning},
  journal = {Sociological Methods \& Research},
  year    = {2025},
  volume  = {54},
  number  = {3},
  doi     = {10.1177/00491241251333372},
  url     = {https://doi.org/10.1177/00491241251333372}
}

@misc{barrie2024replication,
  title={Replication for Language Models Problems, Principles, and Best Practice for Political Science},
  author={Barrie, Christopher and Palmer, Alexis and Spirling, Arthur},
  year    = {2024},
}

@article{gilardi2023chatgpt,
  title={ChatGPT outperforms crowd workers for text-annotation tasks},
  author={Gilardi, Fabrizio and Alizadeh, Meysam and Kubli, Ma{\"e}l},
  journal={Proceedings of the National Academy of Sciences},
  volume={120},
  number={30},
  pages={e2305016120},
  year={2023},
  publisher={National Academy of Sciences}
}

@article{baumann2025large,
  title={Large Language Model Hacking: Quantifying the Hidden Risks of Using LLMs for Text Annotation},
  author={Baumann, Joachim and R{\"o}ttger, Paul and Urman, Aleksandra and Wendsj{\"o}, Albert and Plaza-del-Arco, Flor Miriam and Gruber, Johannes B and Hovy, Dirk},
  journal={arXiv preprint arXiv:2509.08825},
  year={2025}
}

@unpublished{Chen2025-fiscalization,
  author = {Chen, Terrence},
  title  = {The Fiscalization of Politics: Budget Talk as Political Justification in {U.S.} {Congress}, 1921--2024},
  year   = {2025},
  note   = {Working paper}
}

@misc{IbrahimVoyer2024Augmented,
  title        = {The Augmented Qualitative Researcher: Using Generative AI in Qualitative Text Analysis},
  author       = {Ibrahim, Elida Izani and Voyer, Andrea},
  year         = {2024},
  doi          = {10.31235/osf.io/gkc8w},
  url          = {https://osf.io/preprints/socarxiv/gkc8w_v1},
  publisher    = {SocArXiv},
  note         = {OSF Preprints, version 1, posted January 22, 2024}
}

@misc{meng2024exploring,
  title         = {Exploring the Potential of Human-LLM Synergy in Advancing Qualitative Analysis: A Case Study on Mental-Illness Stigma},
  author        = {Meng, Han and Yang, Yitian and Li, Yunan and Lee, Jungup and Lee, Yi-Chieh},
  year          = {2024},
  eprint        = {2405.05758},
  archivePrefix = {arXiv},
  primaryClass  = {cs.HC},
  url           = {https://arxiv.org/abs/2405.05758}
}